<record><leader>00000cas a22000007a 4500</leader><controlfield tag="001">12460862</controlfield><controlfield tag="008">850831d18uu1922iaucr ne      0    0eng d</controlfield><datafield ind1=" " ind2=" " tag="010"><subfield code="a">sn 85050921 </subfield></datafield><datafield ind1=" " ind2=" " tag="040"><subfield code="a">INP</subfield><subfield code="b">eng</subfield><subfield code="c">INP</subfield><subfield code="d">DLC</subfield><subfield code="d">INP</subfield><subfield code="d">OCLCQ</subfield><subfield code="d">DLC</subfield></datafield><datafield ind1=" " ind2=" " tag="042"><subfield code="a">msc</subfield></datafield><datafield ind1="0" ind2="4" tag="245"><subfield code="a">The Iowa times-Republican.</subfield></datafield><datafield ind1="3" ind2="0" tag="246"><subfield code="a">Times-Republican</subfield></datafield><datafield ind1="3" ind2="0" tag="246"><subfield code="a">Iowa times Republican semi-weekly</subfield></datafield><datafield ind1="3" ind2="0" tag="246"><subfield code="a">Iowa times Republican twice a week Tuesday and Friday</subfield></datafield><datafield ind1=" " ind2=" " tag="260"><subfield code="a">Marshalltown, Iowa :</subfield><subfield code="b">Times-Republican Print. Co.</subfield></datafield><datafield ind1=" " ind2=" " tag="300"><subfield code="a">v. :</subfield><subfield code="b">ill. ;</subfield><subfield code="c">54 cm.</subfield></datafield><datafield ind1=" " ind2=" " tag="310"><subfield code="a">Semiweekly,</subfield><subfield code="b">Dec. 3, 1895-&lt;June 23, 1899&gt;</subfield></datafield><datafield ind1=" " ind2=" " tag="321"><subfield code="a">Weekly,</subfield><subfield code="b">&lt;Aug. 10, 1893&gt;-Nov. 28, 1895</subfield></datafield><datafield ind1="1" ind2=" " tag="362"><subfield code="a">Ceased in 1922.</subfield><subfield code="z">Cf. Schultz, Gerard. Marshall County history of 1955.</subfield></datafield><datafield ind1=" " ind2=" " tag="500"><subfield code="a">Originally edited by: Silas C. McFarland.</subfield></datafield><datafield ind1=" " ind2=" " tag="515"><subfield code="a">Issues for &lt;Aug. 10, 1893&gt; called also whole no. &lt;1840&gt;.</subfield></datafield><datafield ind1=" " ind2=" " tag="588"><subfield code="a">Description based on: Vol. 35, no. 43 (Aug. 10, 1893).</subfield></datafield><datafield ind1=" " ind2=" " tag="752"><subfield code="a">United States</subfield><subfield code="b">Iowa</subfield><subfield code="c">Marshall</subfield><subfield code="d">Marshalltown.</subfield></datafield><datafield ind1="0" ind2=" " tag="775"><subfield code="t">Evening times-Republican</subfield><subfield code="x">2375-320X</subfield><subfield code="w">(DLC)sn 85049554</subfield><subfield code="g">&lt;Aug. 10, 1893-June 23, 1899&gt;</subfield><subfield code="w">(OCoLC)11826833</subfield></datafield><datafield ind1="0" ind2="0" tag="780"><subfield code="t">Weekly times-Republican</subfield><subfield code="w">(DLC)sn 85050919</subfield></datafield><datafield ind1="1" ind2=" " tag="029"><subfield code="a">AU@</subfield><subfield code="b">000025789751</subfield></datafield></record>